<record><leader>00000cas a22000007a 4500</leader><controlfield tag="001">9817529</controlfield><controlfield tag="008">830817c19uu9999mouwr ne      0   a0eng d</controlfield><datafield ind1=" " ind2=" " tag="010"><subfield code="a">sn 83008624 </subfield></datafield><datafield ind1=" " ind2=" " tag="040"><subfield code="a">NSD</subfield><subfield code="b">eng</subfield><subfield code="c">NSD</subfield><subfield code="d">OCLCQ</subfield><subfield code="d">MQN</subfield><subfield code="d">MXM</subfield><subfield code="d">OCLCF</subfield></datafield><datafield ind1=" " ind2=" " tag="012"><subfield code="k">1</subfield><subfield code="m">1</subfield></datafield><datafield ind1=" " ind2=" " tag="019"><subfield code="a">19609980</subfield></datafield><datafield ind1="1" ind2=" " tag="022"><subfield code="a">0746-1569</subfield><subfield code="l">0746-1569</subfield><subfield code="2">1</subfield></datafield><datafield ind1=" " ind2=" " tag="032"><subfield code="a">901380</subfield><subfield code="b">USPS</subfield></datafield><datafield ind1=" " ind2=" " tag="037"><subfield code="b">Bates County News-Headliner, 611 W. Ft. Scott, Butler, MO 64730</subfield></datafield><datafield ind1=" " ind2=" " tag="042"><subfield code="a">nsdp</subfield></datafield><datafield ind1=" " ind2="4" tag="222"><subfield code="a">The Bates County news-headliner</subfield></datafield><datafield ind1="0" ind2="4" tag="245"><subfield code="a">The Bates County news-headliner.</subfield></datafield><datafield ind1=" " ind2=" " tag="260"><subfield code="a">Butler, Mo. :</subfield><subfield code="b">Bates County Shopper, Inc.</subfield></datafield><datafield ind1=" " ind2=" " tag="310"><subfield code="a">Weekly,</subfield><subfield code="b">Dec. 28, 1983-</subfield></datafield><datafield ind1=" " ind2=" " tag="321"><subfield code="a">Twice weekly</subfield></datafield><datafield ind1=" " ind2=" " tag="588"><subfield code="a">Description based on: Vol. 12, no. 29 (Friday, July 15, 1983); title from caption.</subfield></datafield><datafield ind1=" " ind2="0" tag="651"><subfield code="a">Butler (Mo.)</subfield><subfield code="v">Newspapers.</subfield></datafield><datafield ind1=" " ind2="0" tag="651"><subfield code="a">Bates County (Mo.)</subfield><subfield code="v">Newspapers.</subfield></datafield><datafield ind1=" " ind2="7" tag="655"><subfield code="a">Newspapers.</subfield><subfield code="2">fast</subfield><subfield code="0">(OCoLC)fst01423814</subfield></datafield><datafield ind1=" " ind2="7" tag="651"><subfield code="a">Missouri</subfield><subfield code="z">Bates County.</subfield><subfield code="2">fast</subfield><subfield code="0">(OCoLC)fst01213325</subfield></datafield><datafield ind1=" " ind2="7" tag="651"><subfield code="a">Missouri</subfield><subfield code="z">Butler.</subfield><subfield code="2">fast</subfield><subfield code="0">(OCoLC)fst01228060</subfield></datafield><datafield ind1=" " ind2=" " tag="936"><subfield code="a">Dec. 28, 1983</subfield></datafield></record>